
@misc{MarkShar,
  title = "OLED Market share",
  url = "https://on.mktw.net/3aLKMb6",
  note = {Naštíveno 10. 04. 2020},
  author =  "Market Watch",
  howpublished = "online",
}

@mastersthesis{HruskaThesis,
    author    = "Daniel Hruška",
    title     = "Technologie displejů a principy jejich činnosti",
    school    = "Masarykova univerzita. Fakulta informatiky",
    type     = "Bakalářská práce",
    year      = "2011",
    address = "Brno",

}

@mastersthesis{BartosikThesis,
    author    = "Vladislav Bartošík",
    title     = "Řízení grafického OLED displeje mikrokontrolérem ATMEL",
    school    = "Vysoké učení technické v Brně. Fakulta elektrotechniky a komunikačních technologií. Ústav telekomunikací",
    type     = "Diplomová práce",
    year      = "2010",
    address = "Brno",
}

@inbook{FundandAppls,
  title = "OLED Display Fundamentals and Applications",
  publisher = "John Wiley \& Sons, Inc",
  year = "2017",
  author = "Takatoshi Tsujimura",
  isbn = "9781119187318",
  edition = "2",
  pages   = "91-101",
  chapter = "4",
  address = "Hoboken",

}

@inbook{DispandLight,
  title = "OLED Displays and Lighting",
  publisher = "John Wiley \& Sons, Inc",
  year = "2016",
  author = "Mitsuhiro Koden",
  isbn = "9781119040453",
  pages   = "127-137",
  chapter = "8",
  address = "Hoboken",
}

@article{MaximumPC,
  author  = "Tae Kim", 
  title   = "White Paper: Organic LEDs",
  journal = "Maximum PC",
  year    = "2005",
  pages   = "63",
  month   = "9",
  issn = "1522-4279",
}

@article{PCMag,
  title   = "OLED: The thinnest of all",
  journal = "Maximum PC",
  year    = "2004",
  pages   = "118",
  month   = "5",
  author =  "PC Mag",
  note = "OLED's weaknesses",
  issn = "0888-8507",


}
@article{ElekCasop,
  title   = "Technologie LED a OLED otevírají nové možnosti",
  journal = "Elektro",
  year    = "2010",
  pages   = "12",
  number  = "2",
  volume  = "19",
  author =  "Elektro",
  issn = "1210-0889",

}

@misc{OLEDINFO,
  title = "Mobile phones and smartphones with OLED screens
",
  url = "https://www.oled-info.com/oled-devices/mobile-phones",
  author =  "OLED-info",
  note = {Naštíveno 10. 04. 2020},
  howpublished = "online",

}

@misc{PACOLED,
  title = "9 Advantages of OLED TV Technology; Pros and Cons as well as AMOLED TV",
  url = "oled.lcdtvbuyingguide.com/oled-tv-articles/oled-advantages.html",
  author =  "Jack Burden",
  note = {Naštíveno 10. 04. 2020},
  howpublished = "online",

}
